
@article{tajbakhsh2016convolutional,
  title={Convolutional neural networks for medical image analysis: Full training or fine tuning?},
  author={Tajbakhsh, Nima and Shin, Jae Y and Gurudu, Suryakanth R and Hurst, R Todd and Kendall, Christopher B and Gotway, Michael B and Liang, Jianming},
  journal={IEEE transactions on medical imaging},
  volume={35},
  number={5},
  pages={1299--1312},
  year={2016},
  publisher={IEEE}
}

@inproceedings{shen2015multi,
  title={Multi-scale convolutional neural networks for lung nodule classification},
  author={Shen, Wei and Zhou, Mu and Yang, Feng and Yang, Caiyun and Tian, Jie},
  booktitle={International Conference on Information Processing in Medical Imaging},
  pages={588--599},
  year={2015},
  organization={Springer}
}

@inproceedings{li2017cell,
  title={Cell classification using convolutional neural networks in medical hyperspectral imagery},
  author={Li, Xiang and Li, Wei and Xu, Xiaodong and Hu, Wei},
  booktitle={Image, Vision and Computing (ICIVC), 2017 2nd International Conference on},
  pages={501--504},
  year={2017},
  organization={IEEE}
}

@article{prajapaticlassification,
  title={Classification of Dental Diseases Using CNN and Transfer Learning},
  author={Prajapati, Shreyansh A and Nagaraj, R and Mitra, Suman}
}

@article{kieffer2017convolutional,
  title={Convolutional Neural Networks for Histopathology Image Classification: Training vs. Using Pre-Trained Networks},
  author={Kieffer, Brady and Babaie, Morteza and Kalra, Shivam and Tizhoosh, HR},
  journal={arXiv preprint arXiv:1710.05726},
  year={2017}
}

@article{araujo2017classification,
  title={Classification of breast cancer histology images using Convolutional Neural Networks},
  author={Ara{\'u}jo, Teresa and Aresta, Guilherme and Castro, Eduardo and Rouco, Jos{\'e} and Aguiar, Paulo and Eloy, Catarina and Pol{\'o}nia, Ant{\'o}nio and Campilho, Aur{\'e}lio},
  journal={PloS one},
  volume={12},
  number={6},
  pages={e0177544},
  year={2017},
  publisher={Public Library of Science}
}

@inproceedings{roth2015anatomy,
  title={Anatomy-specific classification of medical images using deep convolutional nets},
  author={Roth, Holger R and Lee, Christopher T and Shin, Hoo-Chang and Seff, Ari and Kim, Lauren and Yao, Jianhua and Lu, Le and Summers, Ronald M},
  booktitle={Biomedical Imaging (ISBI), 2015 IEEE 12th International Symposium on},
  pages={101--104},
  year={2015},
  organization={IEEE}
}

@inproceedings{li2014medical,
  title={Medical image classification with convolutional neural network},
  author={Li, Qing and Cai, Weidong and Wang, Xiaogang and Zhou, Yun and Feng, David Dagan and Chen, Mei},
  booktitle={Control Automation Robotics \& Vision (ICARCV), 2014 13th International Conference on},
  pages={844--848},
  year={2014},
  organization={IEEE}
}

@article{huang2017epithelium,
  title={Epithelium-stroma classification via convolutional neural networks and unsupervised domain adaptation in histopathological images},
  author={Huang, Yue and Zheng, Han and Liu, Chi and Ding, Xinghao and Rohde, Gustavo K},
  journal={IEEE journal of biomedical and health informatics},
  volume={21},
  number={6},
  pages={1625--1632},
  year={2017},
  publisher={IEEE}
}

@article{zhang2017automatic,
  title={Automatic detection and classification of colorectal polyps by transferring low-level CNN features from nonmedical domain},
  author={Zhang, Ruikai and Zheng, Yali and Mak, Tony Wing Chung and Yu, Ruoxi and Wong, Sunny H and Lau, James YW and Poon, Carmen CY},
  journal={IEEE journal of biomedical and health informatics},
  volume={21},
  number={1},
  pages={41--47},
  year={2017},
  publisher={IEEE}
}

@inproceedings{mcilroy2017vivo,
  title={In vivo classification of inflammation in blood vessels with convolutional neural networks},
  author={McIlroy, Stuart and Kubo, Yoshimasa and Trappenberg, Thomas and Toguri, James and Lehmann, Christian},
  booktitle={Neural Networks (IJCNN), 2017 International Joint Conference on},
  pages={3022--3027},
  year={2017},
  organization={IEEE}
}

@inproceedings{hadad2017classification,
  title={Classification of breast lesions using cross-modal deep learning},
  author={Hadad, Omer and Bakalo, Ran and Ben-Ari, Rami and Hashoul, Sharbell and Amit, Guy},
  booktitle={Biomedical Imaging (ISBI 2017), 2017 IEEE 14th International Symposium on},
  pages={109--112},
  year={2017},
  organization={IEEE}
}

@inproceedings{ribeiro2016colonic,
  title={Colonic polyp classification with convolutional neural networks},
  author={Ribeiro, Eduardo and Uhl, Andreas and H{\"a}fner, Michael},
  booktitle={Computer-Based Medical Systems (CBMS), 2016 IEEE 29th International Symposium on},
  pages={253--258},
  year={2016},
  organization={IEEE}
}

}
