
@inproceedings{krizhevsky2012imagenet,
  title={Imagenet classification with deep convolutional neural networks},
  author={Krizhevsky, Alex and Sutskever, Ilya and Hinton, Geoffrey E},
  booktitle={Advances in neural information processing systems},
  pages={1097--1105},
  year={2012}
}

@inproceedings{donahue2014decaf,
  title={Decaf: A deep convolutional activation feature for generic visual recognition},
  author={Donahue, Jeff and Jia, Yangqing and Vinyals, Oriol and Hoffman, Judy and Zhang, Ning and Tzeng, Eric and Darrell, Trevor},
  booktitle={International conference on machine learning},
  pages={647--655},
  year={2014}
}

@inproceedings{szegedy2015going,
  title={Going deeper with convolutions},
  author={Szegedy, Christian and Liu, Wei and Jia, Yangqing and Sermanet, Pierre and Reed, Scott and Anguelov, Dragomir and Erhan, Dumitru and Vanhoucke, Vincent and Rabinovich, Andrew and others},
  year={2015},
  organization={Cvpr}
}

@article{srivastava2015highway,
  title={Highway networks},
  author={Srivastava, Rupesh Kumar and Greff, Klaus and Schmidhuber, J{\"u}rgen},
  journal={arXiv preprint arXiv:1505.00387},
  year={2015}
}

@article{lin2013network,
  title={Network in network},
  author={Lin, Min and Chen, Qiang and Yan, Shuicheng},
  journal={arXiv preprint arXiv:1312.4400},
  year={2013}
}

@article{sermanet2013overfeat,
  title={Overfeat: Integrated recognition, localization and detection using convolutional networks},
  author={Sermanet, Pierre and Eigen, David and Zhang, Xiang and Mathieu, Micha{\"e}l and Fergus, Rob and LeCun, Yann},
  journal={arXiv preprint arXiv:1312.6229},
  year={2013}
}

@inproceedings{nair2010rectified,
  title={Rectified linear units improve restricted boltzmann machines},
  author={Nair, Vinod and Hinton, Geoffrey E},
  booktitle={Proceedings of the 27th international conference on machine learning (ICML-10)},
  pages={807--814},
  year={2010}
}

@inproceedings{he2016deep,
  title={Deep residual learning for image recognition},
  author={He, Kaiming and Zhang, Xiangyu and Ren, Shaoqing and Sun, Jian},
  booktitle={Proceedings of the IEEE conference on computer vision and pattern recognition},
  pages={770--778},
  year={2016}
}

@inproceedings{aloysius2017review,
  title={A review on deep convolutional neural networks},
  author={Aloysius, Neena and Geetha, M},
  booktitle={Communication and Signal Processing (ICCSP), 2017 International Conference on},
  pages={0588--0592},
  year={2017},
  organization={IEEE}
}

@inproceedings{srivastava2015training,
  title={Training very deep networks},
  author={Srivastava, Rupesh K and Greff, Klaus and Schmidhuber, J{\"u}rgen},
  booktitle={Advances in neural information processing systems},
  pages={2377--2385},
  year={2015}
}

@article{simonyan2014very,
  title={Very deep convolutional networks for large-scale image recognition},
  author={Simonyan, Karen and Zisserman, Andrew},
  journal={arXiv preprint arXiv:1409.1556},
  year={2014}
}

@inproceedings{zeiler2014visualizing,
  title={Visualizing and understanding convolutional networks},
  author={Zeiler, Matthew D and Fergus, Rob},
  booktitle={European conference on computer vision},
  pages={818--833},
  year={2014},
  organization={Springer}
}

@inproceedings{zeiler2011adaptive,
  title={Adaptive deconvolutional networks for mid and high level feature learning},
  author={Zeiler, Matthew D and Taylor, Graham W and Fergus, Rob},
  booktitle={Computer Vision (ICCV), 2011 IEEE International Conference on},
  pages={2018--2025},
  year={2011},
  organization={IEEE}
}

@article{kamavisdar2013survey,
	title={A survey on image classification approaches and techniques},
	author={Kamavisdar, Pooja and Saluja, Sonam and Agrawal, Sonu},
	journal={International Journal of Advanced Research in Computer and Communication Engineering},
	volume={2},
	number={1},
	pages={1005--1009},
	year={2013}
}



@article{ciregancolumn,
	title={Multi-column deep neural networks for image classification},
	author={Ciregan, Dan and Meier, Ueli and Schmidhuber, Jurgen},
	journal={computer vision and pattern recognition},
	pages={3642--3649},
	year={2012}}


@article{girshick2015fast,
	title={Fast R-CNN},
	author={Girshick, Ross B},
	journal={international conference on computer vision},
	pages={1440--1448},
	year={2015}}


@article{ren2017faster,
	title={Faster R-CNN: Towards Real-Time Object Detection with Region Proposal Networks},
	author={Ren, Shaoqing and He, Kaiming and Girshick, Ross B and Sun, Jian},
	journal={IEEE Transactions on Pattern Analysis and Machine Intelligence},
	volume={39},
	number={6},
	pages={1137--1149},
	year={2017}}

@article{redmon2016you,
	title={You Only Look Once: Unified, Real-Time Object Detection},
	author={Redmon, Joseph and Divvala, Santosh Kumar and Girshick, Ross B and Farhadi, Ali},
	journal={computer vision and pattern recognition},
	pages={779--788},
	year={2016}}



@article{Redmon2016YOLO9000,
	title={YOLO9000: Better, Faster, Stronger},
	author={Redmon, Joseph and Farhadi, Ali},
	pages={6517-6525},
	year={2016},
}


@article{yolov3,
	title={YOLOv3: An Incremental Improvement},
	author={Redmon, Joseph and Farhadi, Ali},
	journal = {arXiv},
	year={2018}
}



@article{liu2016ssd,
	title={SSD: Single Shot MultiBox Detector},
	author={Liu, Wei and Anguelov, Dragomir and Erhan, Dumitru and Szegedy, Christian and Reed, Scott E and Fu, Chengyang and Berg, Alexander C},
	journal={european conference on computer vision},
	pages={21--37},
	year={2016}}



@misc{Authors14,
	author = {Authors},
	title = {The frobnicatable foo filter},
	note = {Face and Gesture  submission ID 324. Supplied as additional material {\tt fg324.pdf}},
	year = 2014
}

@misc{Authors14b,
	author = {Authors},
	title = {Frobnication tutorial},
	note = {Supplied as additional material {\tt tr.pdf}},
	year = 2014
}

@article{Alpher02,
	author = {A. Alpher},
	title = {Frobnication},
	journal = {Journal of Foo},
	volume = 12, 
	number = 1, 
	pages = {234--778}, 
	year = 2002
}

@article{Alpher03,
	author = {A. Alpher and  J.~P.~N. Fotheringham-Smythe},
	title = {Frobnication revisited},
	journal = {Journal of Foo},
	volume = 13, 
	number = 1, 
	pages = {234--778}, 
	year = 2003
}

@article{Alpher04,
	author = {A. Alpher and J.~P.~N. Fotheringham-Smythe and G. Gamow},
	title = {Can a machine frobnicate?},
	journal = {Journal of Foo},
	volume = 14, 
	number = 1, 
	pages = {234--778}, 
	year = 2004
}

@article{uijlings2013selective,
	title={Selective Search for Object Recognition},
	author={Uijlings, Jasper R R and De Sande, Koen E A Van and Gevers, Theo and Smeulders, Arnold W M},
	journal={International Journal of Computer Vision},
	volume={104},
	number={2},
	pages={154--171},
	year={2013}}






@article{alexe2012measuring,
	title={Measuring the Objectness of Image Windows},
	author={Alexe, Bogdan and Deselaers, Thomas and Ferrari, Vittorio},
	journal={IEEE Transactions on Pattern Analysis and Machine Intelligence},
	volume={34},
	number={11},
	pages={2189--2202},
	year={2012}}

@INPROCEEDINGS{DSDFGVFB,
	author={R. Girshick and J. Donahue and T. Darrell and J. Malik},
	booktitle={2014 IEEE Conference on Computer Vision and Pattern Recognition},
	title={Rich Feature Hierarchies for Accurate Object Detection and Semantic Segmentation},
	year={2014},
	volume={},
	number={},
	pages={580-587},
	doi={10.1109/CVPR.2014.81},
	ISSN={1063-6919},
	month={June},}
@article{sadeghi201430hz,
	title={30Hz Object Detection with DPM V5},
	author={Sadeghi, Mohammad Amin and Forsyth, David A},
	pages={65--79},
	year={2014}}
@article{felzenszwalb2013visual,
	title={Visual object detection with deformable part models},
	author={Felzenszwalb, Pedro F and Girshick, Ross B and Mcallester, David A and Ramanan, Deva},
	journal={Communications of The ACM},
	volume={56},
	number={9},
	pages={97--105},
	year={2013}}


